@Booklet{ensicaenURL,
title = {\color{url} \urlstyle{uko} \underline{\url{http://www.ensicaen.fr/}}\color{noir}}
}
@Booklet{troisiemeCentenaireNewton,
title = {R {D}ugas, {L}e troisi√®me centenaire de {N}ewton, \textit{Revue Sci.} \textbf{86} (1948), 111-114},
}
@Booklet{wordURL,
title = {\color{url} \urlstyle{uko} \underline{\url{http://word.mvps.org/}}\color{noir}}
}
@Booklet{theLatexCompanion,
title = {{M}ichel {G}oosens, {F}rank {M}ittelbach, {A}lexander {S}amarin.\textit{~The {LATEX} companion}. {A}ddison-{W}esley, 1994}
}

